@article{bowman1993reasoning,
  title={Reasoning about naming systems},
  author={Bowman, Mic and Debray, Saumya K and Peterson, Larry L},
  journal={ACM Transactions on Programming Languages and Systems (TOPLAS)},
  volume={15},
  number={5},
  pages={795--825},
  year={1993},
  publisher={ACM}
}

@article{forman2003extensive,
  title={An extensive empirical study of feature selection metrics for text classification},
  author={Forman, George},
  journal={The Journal of machine learning research},
  volume={3},
  pages={1289--1305},
  year={2003},
  publisher={JMLR. org}
}